<record><leader>00000cas a22000007a 4500</leader><controlfield tag="001">17246723</controlfield><controlfield tag="008">871216d19091934ohuwr ne      0    0eng d</controlfield><datafield ind1=" " ind2=" " tag="010"><subfield code="a">sn 87076938 </subfield></datafield><datafield ind1=" " ind2=" " tag="040"><subfield code="a">ONP</subfield><subfield code="b">eng</subfield><subfield code="c">ONP</subfield><subfield code="d">OCLCQ</subfield></datafield><datafield ind1=" " ind2=" " tag="042"><subfield code="a">msc</subfield></datafield><datafield ind1="0" ind2=" " tag="130"><subfield code="a">Saint Paris news-dispatch (Saint Paris, Ohio : 1909)</subfield></datafield><datafield ind1="1" ind2="4" tag="245"><subfield code="a">The Saint Paris news-dispatch.</subfield></datafield><datafield ind1="3" ind2="0" tag="246"><subfield code="a">St. Paris news-dispatch</subfield></datafield><datafield ind1=" " ind2=" " tag="260"><subfield code="a">Saint Paris, Ohio :</subfield><subfield code="b">Brown &amp; Wiant,</subfield><subfield code="c">1909-1934.</subfield></datafield><datafield ind1=" " ind2=" " tag="300"><subfield code="a">v.</subfield></datafield><datafield ind1=" " ind2=" " tag="310"><subfield code="a">Weekly</subfield></datafield><datafield ind1="0" ind2=" " tag="362"><subfield code="a">37th year, no. 51 (Apr. 15, 1909)-v. 63, no. 38 (Mar. 29, 1934).</subfield></datafield><datafield ind1=" " ind2="4" tag="651"><subfield code="a">Saint Paris (Ohio)</subfield><subfield code="v">Newspapers.</subfield></datafield><datafield ind1=" " ind2="4" tag="651"><subfield code="a">Champaign County (Ohio)</subfield><subfield code="v">Newspapers.</subfield></datafield><datafield ind1=" " ind2=" " tag="752"><subfield code="a">United States</subfield><subfield code="b">Ohio</subfield><subfield code="c">Champaign</subfield><subfield code="d">Saint Paris.</subfield></datafield><datafield ind1="0" ind2="0" tag="780"><subfield code="t">News-dispatch (Saint Paris, Ohio)</subfield><subfield code="w">(DLC)sn 83035399</subfield></datafield><datafield ind1="0" ind2="0" tag="785"><subfield code="t">Evening news-dispatch</subfield><subfield code="w">(DLC)sn 87076939</subfield></datafield><datafield ind1="1" ind2=" " tag="029"><subfield code="a">AU@</subfield><subfield code="b">000025803179</subfield></datafield></record>